%% 
@inproceedings{martin:hal-01174610,
  TITLE = {{Drawing Characteristics for Reproducing Traditional Hand-Made Stippling}},
  AUTHOR = {Martín, Domingo and Del Sol, Vicente and Romo, Celia and Isenberg, Tobias},
  BOOKTITLE = {{Proceedings of Non-Photorealistic Animation and Rendering (NPAR, part of Expressive)}},
  ADDRESS = {Goslar, Germany},
  ORGANIZATION = {{ACM/Eurographics}},
  PUBLISHER = {{Eurographics Association}},
  PAGES = {103–115},
  YEAR = {2015},
  MONTH = Jun,
  DOI = {10.2312/exp.20151183},
  URL = {https://hal.inria.fr/hal-01174610},
  PDF = {https://hal.inria.fr/hal-01174610/document},
  HAL_ID = {hal-01174610},
  HAL_VERSION = {v1},
  X-PROCEEDINGS = {yes},
  X-INTERNATIONAL-AUDIENCE = {yes},
  X-EDITORIAL-BOARD = {yes},
  X-INVITED-CONFERENCE = {no},
  X-SCIENTIFIC-POPULARIZATION = {no},
}
 %% 
@article{bach:hal-01205821,
  TITLE = {{Time Curves: Folding Time to Visualize Patterns of Temporal Evolution in Data}},
  AUTHOR = {Bach, Benjamin and Shi, Conglei and Heulot, Nicolas and Madhyastha, Tara and Grabowski, Tom and Dragicevic, Pierre},
  JOURNAL = {{IEEE Transactions on Visualization and Computer Graphics}},
  PUBLISHER = {{Institute of Electrical and Electronics Engineers}},
  VOLUME = {22},
  NUMBER = {1},
  YEAR = {2016},
  MONTH = Jan,
  DOI = {10.1109/TVCG.2015.2467851},
  URL = {https://hal.inria.fr/hal-01205821},
  PDF = {https://hal.inria.fr/hal-01205821/document},
  HAL_ID = {hal-01205821},
  HAL_VERSION = {v1},
  X-INTERNATIONAL-AUDIENCE = {yes},
  X-EDITORIAL-BOARD = {yes},
  X-SCIENTIFIC-POPULARIZATION = {no},
}
 %% 
@misc{bach:hal-01205822,
  TITLE = {{NetworkCube: Bringing Dynamic Network Visualizations to Domain Scientists}},
  AUTHOR = {Bach, Benjamin and Henry Riche, Nathalie and Fernandez , Roland and Giannisakis, Emmanoulis  and Lee, Bongshin and Fekete, Jean-Daniel},
  HOWPUBLISHED = {{Posters of the Conference on Information Visualization (InfoVis)}},
  YEAR = {2015},
  MONTH = Oct,
  URL = {https://hal.inria.fr/hal-01205822},
  NOTE = {Poster},
  PDF = {https://hal.inria.fr/hal-01205822/document},
  HAL_ID = {hal-01205822},
  HAL_VERSION = {v1},
  X-PROCEEDINGS = {no},
  X-INTERNATIONAL-AUDIENCE = {yes},
  X-EDITORIAL-BOARD = {yes},
  X-INVITED-CONFERENCE = {no},
  X-SCIENTIFIC-POPULARIZATION = {no},
}
 %% 
@inproceedings{jansen:hal-01120152,
  TITLE = {{Opportunities and Challenges for Data Physicalization}},
  AUTHOR = {Jansen, Yvonne and Dragicevic, Pierre and Isenberg, Petra and Alexander, Jason and Karnik, Abhijit and Kildal, Johan and Subramanian, Sriram and Hornbæk, Kasper},
  BOOKTITLE = {{Proceedings of the ACM Conference on Human Factors in Computing Systems (CHI)}},
  ADDRESS = {New York, NY, United States},
  ORGANIZATION = {{ACM}},
  YEAR = {2015},
  MONTH = Apr,
  DOI = {10.1145/2702123.2702180},
  URL = {https://hal.inria.fr/hal-01120152},
  PDF = {https://hal.inria.fr/hal-01120152/document},
  HAL_ID = {hal-01120152},
  HAL_VERSION = {v1},
  X-PROCEEDINGS = {yes},
  X-INTERNATIONAL-AUDIENCE = {yes},
  X-EDITORIAL-BOARD = {yes},
  X-INVITED-CONFERENCE = {no},
  X-SCIENTIFIC-POPULARIZATION = {no},
}
 %% 
@article{bach:hal-01158987,
  TITLE = {{Small MultiPiles: Piling Time to Explore Temporal Patterns in Dynamic Networks}},
  AUTHOR = {Bach, Benjamin and Henry-Riche, Nathalie and Dwyer, Tim and Madhyastha, Tara and Fekete, Jean-Daniel and Grabowski, Thomas},
  JOURNAL = {{Computer Graphics Forum}},
  PUBLISHER = {{Wiley}},
  YEAR = {2015},
  DOI = {10.1111/cgf.12615},
  URL = {https://hal.inria.fr/hal-01158987},
  PDF = {https://hal.inria.fr/hal-01158987/document},
  HAL_ID = {hal-01158987},
  HAL_VERSION = {v1},
  X-INTERNATIONAL-AUDIENCE = {yes},
  X-EDITORIAL-BOARD = {yes},
  X-SCIENTIFIC-POPULARIZATION = {no},
}
 %% 
@inproceedings{boy:hal-01133305,
  TITLE = {{Storytelling in Information Visualizations: Does it Engage Users to Explore Data?}},
  AUTHOR = {Boy, Jeremy and Fekete, Jean-Daniel and Détienne, Françoise},
  BOOKTITLE = {{Proceedings of the 33rd ACM Conference on Human Factors in Computing Systems (CHI 2015)}},
  ADDRESS = {Seoul, South Korea},
  EDITOR = {ACM},
  PUBLISHER = {{ACM}},
  PAGES = {1449-1458},
  YEAR = {2015},
  MONTH = Apr,
  DOI = {10.1145/2702123.2702452},
  URL = {https://hal.inria.fr/hal-01133305},
  HAL_ID = {hal-01133305},
  HAL_VERSION = {v1},
  X-PROCEEDINGS = {yes},
  X-INTERNATIONAL-AUDIENCE = {yes},
  X-EDITORIAL-BOARD = {yes},
  X-INVITED-CONFERENCE = {no},
  X-SCIENTIFIC-POPULARIZATION = {no},
}
 %% 
@article{suslikspritzer:hal-01158223,
  TITLE = {{Towards a smooth design process for static communicative node-link diagrams}},
  AUTHOR = {Suslik Spritzer, Andre and Boy, Jeremy and Dragicevic, Pierre and Fekete, Jean-Daniel and dal Sasso Freitas, Carla Maria},
  JOURNAL = {{Computer Graphics Forum}},
  PUBLISHER = {{Wiley}},
  SERIES = {EuroVis 2015 - Conference Proceedings},
  VOLUME = {34},
  NUMBER = {3},
  PAGES = {461-470},
  YEAR = {2015},
  MONTH = May,
  DOI = {10.1111/cgf.12658},
  URL = {https://hal.inria.fr/hal-01158223},
  HAL_ID = {hal-01158223},
  HAL_VERSION = {v1},
  X-INTERNATIONAL-AUDIENCE = {yes},
  X-EDITORIAL-BOARD = {yes},
  X-SCIENTIFIC-POPULARIZATION = {no},
}
 %% 
@article{lee:hal-01158445,
  TITLE = {{More than Telling a Story: A Closer Look at the Process of Transforming Data into Visually Shared Stories}},
  AUTHOR = {Lee, Bongshin and Henry Riche, Nathalie and Isenberg, Petra and Carpendale, Sheelagh},
  JOURNAL = {{IEEE Computer Graphics and Applications}},
  PUBLISHER = {{Institute of Electrical and Electronics Engineers}},
  VOLUME = {35},
  NUMBER = {5},
  PAGES = {84--90},
  YEAR = {2015},
  MONTH = Sep,
  DOI = {10.1109/MCG.2015.99},
  URL = {https://hal.inria.fr/hal-01158445},
  PDF = {https://hal.inria.fr/hal-01158445/document},
  HAL_ID = {hal-01158445},
  HAL_VERSION = {v1},
  X-INTERNATIONAL-AUDIENCE = {yes},
  X-EDITORIAL-BOARD = {yes},
  X-SCIENTIFIC-POPULARIZATION = {no},
}
 %% 
@article{boy:hal-01188973,
  TITLE = {{Suggested Interactivity: Seeking Perceived Affordances for Information Visualization}},
  AUTHOR = {Boy, Jeremy and Eveillard, Louis and Detienne, Françoise and Fekete, Jean-Daniel},
  JOURNAL = {{IEEE Transactions on Visualization and Computer Graphics}},
  PUBLISHER = {{Institute of Electrical and Electronics Engineers}},
  VOLUME = {22},
  NUMBER = {1},
  PAGES = {639-648},
  YEAR = {2016},
  MONTH = Jan,
  DOI = {10.1109/TVCG.2015.2467201},
  URL = {https://hal.inria.fr/hal-01188973},
  PDF = {https://hal.inria.fr/hal-01188973/document},
  HAL_ID = {hal-01188973},
  HAL_VERSION = {v1},
  X-INTERNATIONAL-AUDIENCE = {yes},
  X-EDITORIAL-BOARD = {yes},
  X-SCIENTIFIC-POPULARIZATION = {no},
}
 %% 
@article{everts:hal-01132636,
  TITLE = {{Exploration of the Brain's White Matter Structure through Visual Abstraction and Multi-Scale Local Fiber Tract Contraction}},
  AUTHOR = {Everts, Maarten and Begue, Eric and Bekker, Henk and Roerdink, Jos B. T. M. and Isenberg, Tobias},
  JOURNAL = {{IEEE Transactions on Visualization and Computer Graphics}},
  PUBLISHER = {{Institute of Electrical and Electronics Engineers}},
  VOLUME = {21},
  NUMBER = {7},
  PAGES = {808--821},
  YEAR = {2015},
  MONTH = Jul,
  DOI = {10.1109/tvcg.2015.2403323},
  URL = {https://hal.inria.fr/hal-01132636},
  PDF = {https://hal.inria.fr/hal-01132636/document},
  HAL_ID = {hal-01132636},
  HAL_VERSION = {v1},
  X-INTERNATIONAL-AUDIENCE = {yes},
  X-EDITORIAL-BOARD = {yes},
  X-SCIENTIFIC-POPULARIZATION = {no},
}
 %% 
@article{lopez:hal-01174618,
  TITLE = {{Towards an Understanding of Mobile Touch Navigation in a Stereoscopic Viewing Environment for 3D Data Exploration}},
  AUTHOR = {López, David and Oehlberg, Lora and Doger, Candemir and Isenberg, Tobias},
  JOURNAL = {{IEEE Transactions on Visualization and Computer Graphics}},
  PUBLISHER = {{Institute of Electrical and Electronics Engineers}},
  PAGES = {00--00},
  YEAR = {2016},
  MONTH = Dec,
  DOI = {10.1109/TVCG.2015.2440233},
  URL = {https://hal.inria.fr/hal-01174618},
  PDF = {https://hal.inria.fr/hal-01174618/document},
  HAL_ID = {hal-01174618},
  HAL_VERSION = {v1},
  X-INTERNATIONAL-AUDIENCE = {yes},
  X-EDITORIAL-BOARD = {yes},
  X-SCIENTIFIC-POPULARIZATION = {no},
}
 %% 
@incollection{isenberg:hal-01132649,
  TITLE = {{A Survey of Illustrative Visualization Techniques for Diffusion-Weighted MRI Tractography}},
  AUTHOR = {Isenberg, Tobias},
  BOOKTITLE = {{Visualization and Processing of Higher Order Descriptors for Multi-Valued Data}},
  EDITOR = {Ingrid Hotz and Thomas Schultz},
  PAGES = {235--256},
  YEAR = {2015},
  MONTH = Jun,
  DOI = {10.1007/978-3-319-15090-1\_12},
  URL = {https://hal.inria.fr/hal-01132649},
  PDF = {https://hal.inria.fr/hal-01132649/document},
  HAL_ID = {hal-01132649},
  HAL_VERSION = {v1},
  X-INTERNATIONAL-AUDIENCE = {yes},
  X-SCIENTIFIC-POPULARIZATION = {no},
}
 %% 
@article{yu:hal-01178051,
  TITLE = {{CAST: Effective and Efficient User Interaction for Context-Aware Selection in 3D Particle Clouds}},
  AUTHOR = {Yu, Lingyun and Efstathiou, Konstantinos and Isenberg, Petra and Isenberg, Tobias},
  JOURNAL = {{IEEE Transactions on Visualization and Computer Graphics}},
  PUBLISHER = {{Institute of Electrical and Electronics Engineers}},
  VOLUME = {22},
  NUMBER = {1},
  PAGES = {886–895},
  YEAR = {2016},
  MONTH = Jan,
  DOI = {10.1109/TVCG.2015.2467202},
  URL = {https://hal.inria.fr/hal-01178051},
  PDF = {https://hal.inria.fr/hal-01178051/document},
  HAL_ID = {hal-01178051},
  HAL_VERSION = {v1},
  X-INTERNATIONAL-AUDIENCE = {yes},
  X-EDITORIAL-BOARD = {yes},
  X-SCIENTIFIC-POPULARIZATION = {no},
}
 %% 
@article{lawonn:hal-01178054,
  TITLE = {{Occlusion-free Blood Flow Animation with Wall Thickness Visualization}},
  AUTHOR = {Lawonn, Kai and Glaßer, Sylvia and Vilanova, Anna and Preim, Bernhard and Isenberg, Tobias},
  JOURNAL = {{IEEE Transactions on Visualization and Computer Graphics}},
  PUBLISHER = {{Institute of Electrical and Electronics Engineers}},
  VOLUME = {22},
  NUMBER = {1},
  PAGES = {728–737},
  YEAR = {2016},
  MONTH = Jan,
  DOI = {10.1109/TVCG.2015.2467961},
  URL = {https://hal.inria.fr/hal-01178054},
  PDF = {https://hal.inria.fr/hal-01178054/document},
  HAL_ID = {hal-01178054},
  HAL_VERSION = {v1},
  X-INTERNATIONAL-AUDIENCE = {yes},
  X-EDITORIAL-BOARD = {yes},
  X-SCIENTIFIC-POPULARIZATION = {no},
}
 %% 
@article{willett:hal-01179038,
  TITLE = {{Understanding Digital Note-Taking Practice for Visualization}},
  AUTHOR = {Willett, Wesley and Goffin, Pascal and Isenberg, Petra},
  JOURNAL = {{IEEE Computer Graphics and Applications}},
  PUBLISHER = {{Institute of Electrical and Electronics Engineers}},
  VOLUME = {35},
  NUMBER = {4},
  PAGES = {38--51},
  YEAR = {2015},
  MONTH = Jul,
  DOI = {10.1109/MCG.2015.52},
  URL = {https://hal.inria.fr/hal-01179038},
  HAL_ID = {hal-01179038},
  HAL_VERSION = {v1},
  X-INTERNATIONAL-AUDIENCE = {yes},
  X-EDITORIAL-BOARD = {yes},
  X-SCIENTIFIC-POPULARIZATION = {no},
}
 %% 
@phdthesis{boy:tel-01225585,
  TITLE = {{Engaging the People to Look Beyond the Surface of Online Information Visualizations of Open Data}},
  AUTHOR = {Boy, Jeremy},
  SCHOOL = {{Telecom ParisTech}},
  YEAR = {2015},
  MONTH = May,
  TYPE = {Theses},
  URL = {https://hal.inria.fr/tel-01225585},
  PDF = {https://hal.inria.fr/tel-01225585/document},
  HAL_ID = {tel-01225585},
  HAL_VERSION = {v1},
}
 %% 
@phdthesis{huron:tel-01255116,
  TITLE = {{Constructive Visualization}},
  AUTHOR = {Huron, Samuel},
  NUMBER = {2014PA112253},
  SCHOOL = {{Univeristé Paris-Saclay}},
  YEAR = {2015},
  MONTH = Sep,
  TYPE = {Theses},
  URL = {https://hal.inria.fr/tel-01255116},
  NOTE = {Samuel Huron received the best thesis award at the IEEE VGTC Vis Pioneer Group Best PhD Dissertation Award for his thesis ``Constructive Visualization: A Token-based Paradigm Allowing to Assemble Dynamic Visual Representation for Non-experts''},
  PDF = {https://hal.inria.fr/tel-01255116/document},
  HAL_ID = {tel-01255116},
  HAL_VERSION = {v1},
}
 %% 
@article{boukhelifa:hal-01218959,
  TITLE = {{Evolutionary Visual Exploration: Evaluation of an IEC Framework for Guided Visual Search}},
  AUTHOR = {Boukhelifa, Nadia and Bezerianos, Anastasia and Cancino, Waldo and Lutton, Evelyne},
  JOURNAL = {{Evolutionary Computation}},
  PUBLISHER = {{Massachusetts Institute of Technology Press (MIT Press)}},
  YEAR = {2016},
  DOI = {10.1162/EVCO\_a\_00161},
  URL = {https://hal.inria.fr/hal-01218959},
  X-TOAPPEAR_NOTE = {yes},
  NOTE = {to appear},
  PDF = {https://hal.inria.fr/hal-01218959/document},
  HAL_ID = {hal-01218959},
  HAL_VERSION = {v1},
  X-INTERNATIONAL-AUDIENCE = {yes},
  X-EDITORIAL-BOARD = {yes},
  X-SCIENTIFIC-POPULARIZATION = {no},
}
 %% 
@inproceedings{legoc:hal-01211270,
  TITLE = {{SmartTokens: Embedding Motion and Grip Sensing in Small Tangible Objects}},
  AUTHOR = {Le Goc, Mathieu and Dragicevic, Pierre and Huron, Samuel and Boy, Jeremy and Fekete, Jean-Daniel},
  BOOKTITLE = {{Proceedings of the Symposium on User Interface Software and Technology (UIST)}},
  ADDRESS = {New York, NY, United States},
  ORGANIZATION = {{ACM}},
  YEAR = {2015},
  MONTH = Nov,
  DOI = {10.1145/2807442.2807488},
  URL = {https://hal.inria.fr/hal-01211270},
  PDF = {https://hal.inria.fr/hal-01211270/document},
  HAL_ID = {hal-01211270},
  HAL_VERSION = {v1},
  X-PROCEEDINGS = {yes},
  X-INTERNATIONAL-AUDIENCE = {yes},
  X-EDITORIAL-BOARD = {yes},
  X-INVITED-CONFERENCE = {no},
  X-SCIENTIFIC-POPULARIZATION = {no},
}
 %% 
@techreport{isenberg:hal-01246192,
  TITLE = {{Proceedings of the Workshop on Data Exploration for Interactive Surfaces (DEXIS 2015)}},
  AUTHOR = {Isenberg, Petra and Lee, Bongshin and Joshi, Alark and Isenberg, Tobias},
  NUMBER = {RR-8819},
  PAGES = {27},
  INSTITUTION = {{Inria Saclay}},
  YEAR = {2015},
  MONTH = Dec,
  URL = {https://hal.inria.fr/hal-01246192},
  TYPE = {Research Report},
  PDF = {https://hal.inria.fr/hal-01246192/document},
  HAL_ID = {hal-01246192},
  HAL_VERSION = {v1},
}
 %% 
@inproceedings{vuillemot:hal-01138447,
  TITLE = {{Investigating the Direct Manipulation of Ranking Tables for Time Navigation}},
  AUTHOR = {Vuillemot, Romain and Perin, Charles},
  BOOKTITLE = {{Proceedings of the ACM Conference on Human Factors in Computing Systems (CHI)}},
  ADDRESS = {New York, NY, United States},
  PUBLISHER = {{ACM}},
  PAGES = {2703-2706},
  YEAR = {2015},
  MONTH = Apr,
  DOI = {10.1145/2702123.2702237},
  URL = {https://hal.inria.fr/hal-01138447},
  NOTE = {Best paper honorable mention},
  PDF = {https://hal.inria.fr/hal-01138447/document},
  HAL_ID = {hal-01138447},
  HAL_VERSION = {v1},
  X-PROCEEDINGS = {yes},
  X-INTERNATIONAL-AUDIENCE = {yes},
  X-EDITORIAL-BOARD = {yes},
  X-INVITED-CONFERENCE = {no},
  X-SCIENTIFIC-POPULARIZATION = {no},
}
 %% 
@inproceedings{willett:hal-01105179,
  TITLE = {{Lightweight Relief Shearing for Enhanced Terrain Perception on Interactive Maps}},
  AUTHOR = {Willett, Wesley and Jenny, Bernhard and Isenberg, Tobias and Dragicevic, Pierre},
  BOOKTITLE = {{Proceedings of the Conference on Human Factors in Computing Systems (CHI)}},
  ADDRESS = {New York, United States},
  ORGANIZATION = {{ACM}},
  YEAR = {2015},
  MONTH = Apr,
  DOI = {10.1145/2702123.2702172},
  URL = {https://hal.inria.fr/hal-01105179},
  PDF = {https://hal.inria.fr/hal-01105179v2/document},
  HAL_ID = {hal-01105179},
  HAL_VERSION = {v2},
  X-PROCEEDINGS = {yes},
  X-INTERNATIONAL-AUDIENCE = {yes},
  X-EDITORIAL-BOARD = {yes},
  X-INVITED-CONFERENCE = {no},
  X-SCIENTIFIC-POPULARIZATION = {no},
}
