
 %% 
@article{bach:hal-01158987,
  TITLE = {{Small MultiPiles: Piling Time to Explore Temporal Patterns in Dynamic Networks}},
  AUTHOR = {Bach, Benjamin and Henry-Riche, Nathalie and Dwyer, Tim and Madhyastha, Tara and Fekete, Jean-Daniel and Grabowski, Thomas},
  JOURNAL = {{Computer Graphics Forum}},
  PUBLISHER = {{Wiley}},
  YEAR = {2015},
  DOI = {10.1111/cgf.12615},
  URL = {https://hal.inria.fr/hal-01158987},
  PDF = {https://hal.inria.fr/hal-01158987/document},
  HAL_ID = {hal-01158987},
  HAL_VERSION = {v1},
  X-INTERNATIONAL-AUDIENCE = {yes},
  X-EDITORIAL-BOARD = {yes},
  X-SCIENTIFIC-POPULARIZATION = {no},
}
 %% 
@article{suslikspritzer:hal-01158223,
  TITLE = {{Towards a smooth design process for static communicative node-link diagrams}},
  AUTHOR = {Suslik Spritzer, Andre and Boy, Jeremy and Dragicevic, Pierre and Fekete, Jean-Daniel and dal Sasso Freitas, Carla Maria},
  JOURNAL = {{Computer Graphics Forum}},
  PUBLISHER = {{Wiley}},
  SERIES = {EuroVis 2015 - Conference Proceedings},
  VOLUME = {34},
  NUMBER = {3},
  PAGES = {461-470},
  YEAR = {2015},
  MONTH = May,
  DOI = {10.1111/cgf.12658},
  URL = {https://hal.inria.fr/hal-01158223},
  HAL_ID = {hal-01158223},
  HAL_VERSION = {v1},
  X-INTERNATIONAL-AUDIENCE = {yes},
  X-EDITORIAL-BOARD = {yes},
  X-SCIENTIFIC-POPULARIZATION = {no},
}
 %% 
@article{lee:hal-01158445,
  TITLE = {{More than Telling a Story: A Closer Look at the Process of Transforming Data into Visually Shared Stories}},
  AUTHOR = {Lee, Bongshin and Henry Riche, Nathalie and Isenberg, Petra and Carpendale, Sheelagh},
  JOURNAL = {{IEEE Computer Graphics and Applications}},
  PUBLISHER = {{Institute of Electrical and Electronics Engineers}},
  VOLUME = {35},
  NUMBER = {5},
  PAGES = {84--90},
  YEAR = {2015},
  MONTH = Sep,
  DOI = {10.1109/MCG.2015.99},
  URL = {https://hal.inria.fr/hal-01158445},
  PDF = {https://hal.inria.fr/hal-01158445/document},
  HAL_ID = {hal-01158445},
  HAL_VERSION = {v1},
  X-INTERNATIONAL-AUDIENCE = {yes},
  X-EDITORIAL-BOARD = {yes},
  X-SCIENTIFIC-POPULARIZATION = {no},
}

 %% 
@article{everts:hal-01132636,
  TITLE = {{Exploration of the Brain's White Matter Structure through Visual Abstraction and Multi-Scale Local Fiber Tract Contraction}},
  AUTHOR = {Everts, Maarten and Begue, Eric and Bekker, Henk and Roerdink, Jos B. T. M. and Isenberg, Tobias},
  JOURNAL = {{IEEE Transactions on Visualization and Computer Graphics}},
  PUBLISHER = {{Institute of Electrical and Electronics Engineers}},
  VOLUME = {21},
  NUMBER = {7},
  PAGES = {808--821},
  YEAR = {2015},
  MONTH = Jul,
  DOI = {10.1109/tvcg.2015.2403323},
  URL = {https://hal.inria.fr/hal-01132636},
  PDF = {https://hal.inria.fr/hal-01132636/document},
  HAL_ID = {hal-01132636},
  HAL_VERSION = {v1},
  X-INTERNATIONAL-AUDIENCE = {yes},
  X-EDITORIAL-BOARD = {yes},
  X-SCIENTIFIC-POPULARIZATION = {no},
}


 %% 
@article{willett:hal-01179038,
  TITLE = {{Understanding Digital Note-Taking Practice for Visualization}},
  AUTHOR = {Willett, Wesley and Goffin, Pascal and Isenberg, Petra},
  JOURNAL = {{IEEE Computer Graphics and Applications}},
  PUBLISHER = {{Institute of Electrical and Electronics Engineers}},
  VOLUME = {35},
  NUMBER = {4},
  PAGES = {38--51},
  YEAR = {2015},
  MONTH = Jul,
  DOI = {10.1109/MCG.2015.52},
  URL = {https://hal.inria.fr/hal-01179038},
  HAL_ID = {hal-01179038},
  HAL_VERSION = {v1},
  X-INTERNATIONAL-AUDIENCE = {yes},
  X-EDITORIAL-BOARD = {yes},
  X-SCIENTIFIC-POPULARIZATION = {no},
}

 %% 
@inproceedings{jansen:hal-01120152,
  TITLE = {{Opportunities and Challenges for Data Physicalization}},
  AUTHOR = {Jansen, Yvonne and Dragicevic, Pierre and Isenberg, Petra and Alexander, Jason and Karnik, Abhijit and Kildal, Johan and Subramanian, Sriram and Hornbæk, Kasper},
  BOOKTITLE = {{Proceedings of the ACM Conference on Human Factors in Computing Systems (CHI)}},
  ADDRESS = {New York, NY, United States},
  ORGANIZATION = {{ACM}},
  YEAR = {2015},
  MONTH = Apr,
  DOI = {10.1145/2702123.2702180},
  URL = {https://hal.inria.fr/hal-01120152},
  PDF = {https://hal.inria.fr/hal-01120152/document},
  HAL_ID = {hal-01120152},
  HAL_VERSION = {v1},
  X-PROCEEDINGS = {yes},
  X-INTERNATIONAL-AUDIENCE = {yes},
  X-EDITORIAL-BOARD = {yes},
  X-INVITED-CONFERENCE = {no},
  X-SCIENTIFIC-POPULARIZATION = {no},
}
 %% 
@inproceedings{boy:hal-01133305,
  TITLE = {{Storytelling in Information Visualizations: Does it Engage Users to Explore Data?}},
  AUTHOR = {Boy, Jeremy and Fekete, Jean-Daniel and Détienne, Françoise},
  BOOKTITLE = {{Proceedings of the 33rd ACM Conference on Human Factors in Computing Systems (CHI 2015)}},
  ADDRESS = {Seoul, South Korea},
  EDITOR = {ACM},
  PUBLISHER = {{ACM}},
  PAGES = {1449-1458},
  YEAR = {2015},
  MONTH = Apr,
  DOI = {10.1145/2702123.2702452},
  URL = {https://hal.inria.fr/hal-01133305},
  HAL_ID = {hal-01133305},
  HAL_VERSION = {v1},
  X-PROCEEDINGS = {yes},
  X-INTERNATIONAL-AUDIENCE = {yes},
  X-EDITORIAL-BOARD = {yes},
  X-INVITED-CONFERENCE = {no},
  X-SCIENTIFIC-POPULARIZATION = {no},
}
 %% 
@inproceedings{vuillemot:hal-01138447,
  TITLE = {{Investigating the Direct Manipulation of Ranking Tables for Time Navigation}},
  AUTHOR = {Vuillemot, Romain and Perin, Charles},
  BOOKTITLE = {{Proceedings of the ACM Conference on Human Factors in Computing Systems (CHI)}},
  ADDRESS = {New York, NY, United States},
  PUBLISHER = {{ACM}},
  PAGES = {2703-2706},
  YEAR = {2015},
  MONTH = Apr,
  DOI = {10.1145/2702123.2702237},
  URL = {https://hal.inria.fr/hal-01138447},
  NOTE = {Best paper honorable mention},
  PDF = {https://hal.inria.fr/hal-01138447/document},
  HAL_ID = {hal-01138447},
  HAL_VERSION = {v1},
  X-PROCEEDINGS = {yes},
  X-INTERNATIONAL-AUDIENCE = {yes},
  X-EDITORIAL-BOARD = {yes},
  X-INVITED-CONFERENCE = {no},
  X-SCIENTIFIC-POPULARIZATION = {no},
}
 %% 
@inproceedings{willett:hal-01105179,
  TITLE = {{Lightweight Relief Shearing for Enhanced Terrain Perception on Interactive Maps}},
  AUTHOR = {Willett, Wesley and Jenny, Bernhard and Isenberg, Tobias and Dragicevic, Pierre},
  BOOKTITLE = {{Proceedings of the Conference on Human Factors in Computing Systems (CHI)}},
  ADDRESS = {New York, United States},
  ORGANIZATION = {{ACM}},
  YEAR = {2015},
  MONTH = Apr,
  DOI = {10.1145/2702123.2702172},
  URL = {https://hal.inria.fr/hal-01105179},
  PDF = {https://hal.inria.fr/hal-01105179v2/document},
  HAL_ID = {hal-01105179},
  HAL_VERSION = {v2},
  X-PROCEEDINGS = {yes},
  X-INTERNATIONAL-AUDIENCE = {yes},
  X-EDITORIAL-BOARD = {yes},
  X-INVITED-CONFERENCE = {no},
  X-SCIENTIFIC-POPULARIZATION = {no},
}
