% Paragios

@inproceedings{papandreou:hal-01263611,
  TITLE = {{Modeling Local and Global Deformations in Deep Learning: Epitomic Convolution, Multiple Instance Learning, and Sliding Window Detection}},
  AUTHOR = {Papandreou, George and Kokkinos, Iasonas and Savalle, Pierre-Andr{\'e}},
  URL = {https://hal.inria.fr/hal-01263611},
  BOOKTITLE = {{IEEE Conference on Computer Vision and Pattern Recognition}},
  ADDRESS = {Boston, United States},
  YEAR = {2015},
  MONTH = Jun,
  HAL_ID = {hal-01263611},
  HAL_VERSION = {v1},
}

@inproceedings{simoserra:hal-01263627,
  TITLE = {{Deep Convolutional Feature Point Descriptors}},
  AUTHOR = {Simo-Serra, Edgar and Trulls, Eduard and Ferraz, Luis and Kokkinos, Iasonas and Fua, Pascal and Moreno-Noguer, Francesc},
  URL = {https://hal.inria.fr/hal-01263627},
  BOOKTITLE = {{International Conference on Computer Vision}},
  ADDRESS = {Santiago, Chile},
  YEAR = {2015},
  MONTH = Dec,
  HAL_ID = {hal-01263627},
  HAL_VERSION = {v1},
}


@inproceedings{yu:hal-01151823,
  TITLE = {{Learning Submodular Losses with the Lov{\'a}sz Hinge}},
  AUTHOR = {Yu, Jiaqian and Blaschko, Matthew},
  URL = {https://hal.inria.fr/hal-01151823},
  BOOKTITLE = {{International Conference on Machine Learning}},
  ADDRESS = {Lille, France},
  YEAR = {2015},
  MONTH = Jul,
  PDF = {https://hal.inria.fr/hal-01151823/file/YU_ICML2015.pdf},
  HAL_ID = {hal-01151823},
  HAL_VERSION = {v1},
}


@article{behl:hal-01223977,
  TITLE = {{Optimizing Average Precision using Weakly Supervised Data}},
  AUTHOR = {Behl, Aseem and Mohapatra, Pritish and Jawahar, C.V. and Pawan Kumar, M},
  URL = {https://hal.inria.fr/hal-01223977},
  JOURNAL = {{IEEE Transactions on Pattern Analysis and Machine Intelligence}},
  PUBLISHER = {{Institute of Electrical and Electronics Engineers}},
  VOLUME = {37},
  NUMBER = {12},
  PAGES = {2545-2557},
  YEAR = {2015},
  DOI = {10.1109/TPAMI.2015.2414435 },
  KEYWORDS = {Latent SVM ; Weakly supervised learning ; Average precision},
  PDF = {https://hal.inria.fr/hal-01223977/file/BMJK-PAMI2015.pdf},
  HAL_ID = {hal-01223977},
  HAL_VERSION = {v1},
}

@article{komodakis:hal-01245673,
  TITLE = {{A Framework for Efficient Structured Max-Margin Learning of High-Order MRF models}},
  AUTHOR = {Komodakis, Nikos and Xiang, Bo and Paragios, Nikos},
  URL = {https://hal.archives-ouvertes.fr/hal-01245673},
  JOURNAL = {{PAMI}},
  PUBLISHER = {{IEEE}},
  YEAR = {2015},
  HAL_ID = {hal-01245673},
  HAL_VERSION = {v1},
}

@inproceedings{bouchacourt:hal-01223968,
  TITLE = {{Entropy-based Latent Structured Output Prediction}},
  AUTHOR = {Bouchacourt, Diane and Nowozin, Sebastian and Kumar, M. Pawan},
  URL = {https://hal.inria.fr/hal-01223968},
  BOOKTITLE = {{International Conference on Computer Vision (ICCV)}},
  ADDRESS = {Santiago, Chile},
  YEAR = {2015},
  MONTH = Dec,
  PDF = {https://hal.inria.fr/hal-01223968/file/BNK-ICCV2015.pdf},
  HAL_ID = {hal-01223968},
  HAL_VERSION = {v1},
}

@inproceedings{dokania:hal-01223973,
  TITLE = {{Parsimonious Labeling}},
  AUTHOR = {Dokania, Puneet Kumar and Kumar, M. Pawan},
  URL = {https://hal.inria.fr/hal-01223973},
  BOOKTITLE = {{ICCV 2015 - International Conference on Computer Vision 2015}},
  ADDRESS = {Santiago, Chile},
  YEAR = {2015},
  MONTH = Dec,
  PDF = {https://hal.inria.fr/hal-01223973/file/DK-ICCV2015.pdf},
  HAL_ID = {hal-01223973},
  HAL_VERSION = {v1},
}

@article{pawankumar:hal-01223979,
  TITLE = {{Parameter Estimation and Energy Minimization for Region-based Semantic Segmentation}},
  AUTHOR = {Pawan Kumar, M and Turki, Haithem and Preston, Dan and Koller, Daphne},
  URL = {https://hal.inria.fr/hal-01223979},
  JOURNAL = {{IEEE Transactions on Pattern Analysis and Machine Intelligence}},
  PUBLISHER = {{Institute of Electrical and Electronics Engineers}},
  VOLUME = {37},
  NUMBER = {7},
  PAGES = {1373-1386},
  YEAR = {2015},
  DOI = {10.1109/TPAMI.2014.2372766 },
  PDF = {https://hal.inria.fr/hal-01223979/file/KTPK-PAMI2015.pdf},
  HAL_ID = {hal-01223979},
  HAL_VERSION = {v1},
}

@inproceedings{bounliphone:hal-01005828,
  TITLE = {{A low variance consistent test of relative dependency}},
  AUTHOR = {Bounliphone, Wacha and Gretton, Arthur and Tenenhaus, Arthur and Blaschko, Matthew},
  URL = {https://hal.inria.fr/hal-01005828},
  BOOKTITLE = {{International Conference on Machine Learning}},
  ADDRESS = {Lille, France},
  YEAR = {2015},
  MONTH = Jul,
  PDF = {https://hal.inria.fr/hal-01005828/file/relative_dependency.pdf},
  HAL_ID = {hal-01005828},
  HAL_VERSION = {v4},
}

@article{belilovsky:hal-01167861,
  TITLE = {{Convex relaxations of penalties for sparse correlated variables with bounded total variation}},
  AUTHOR = {Belilovsky, Eugene and Argyriou, Andreas and Varoquaux, Ga{\"e}l and Blaschko, Matthew B.},
  URL = {https://hal.inria.fr/hal-01167861},
  JOURNAL = {{Machine Learning}},
  PUBLISHER = {{Springer Verlag}},
  PAGES = {1-21},
  YEAR = {2015},
  MONTH = Jun,
  DOI = {10.1007/s10994-015-5511-2},
  PDF = {https://hal.inria.fr/hal-01167861/file/ConvexECML2015.pdf},
  HAL_ID = {hal-01167861},
  HAL_VERSION = {v1},
}

@article{langet:hal-01230277,
  TITLE = {{Compressed-sensing-based content-driven hierarchical reconstruction: Theory and application to C-arm cone-beam tomography}},
  AUTHOR = {Langet, H{\'e}l{\`e}ne and Riddell, Cyril and Reshef, Aymeric and Trousset, Yves and Tenenhaus, Arthur and Lahalle, Elisabeth and Fleury, Gilles and Paragios, Nikos},
  URL = {https://hal.archives-ouvertes.fr/hal-01230277},
  JOURNAL = {{Medical Physics}},
  PUBLISHER = {{American Association of Physicists in Medicine}},
  VOLUME = {42},
  NUMBER = {9},
  YEAR = {2015},
  MONTH = Aug,
  DOI = {10.1118/1.4928144},
  KEYWORDS = {cone-beam computed tomography ; compressed sensing ; iterative reconstruction ; total variation ; nonlinear diffusion ; proximal operators},
  HAL_ID = {hal-01230277},
  HAL_VERSION = {v1},
}

% LRI / TAO - A0

@article{bardenet:hal-01216652,
  TITLE = {{Concentration inequalities for sampling without replacement}},
  AUTHOR = {Bardenet, R{\'e}mi and Maillard, Odalric-Ambrym},
  URL = {https://hal.archives-ouvertes.fr/hal-01216652},
  JOURNAL = {{Bernoulli}},
  PUBLISHER = {{Bernoulli Society for Mathematical Statistics and Probability}},
  VOLUME = {21},
  NUMBER = {3},
  PAGES = {1361-1385},
  YEAR = {2015},
  DOI = {10.3150/14-BEJ605},
  KEYWORDS = {Sampling without replacement ; Concentration bounds},
  PDF = {https://hal.archives-ouvertes.fr/hal-01216652/file/submittedArxiv.pdf},
  HAL_ID = {hal-01216652},
  HAL_VERSION = {v1},
}

@article{decelle:hal-01250830,
  TITLE = {{Inference of the sparse kinetic Ising model using the decimation method}},
  AUTHOR = {Decelle, Aur{\'e}lien and Zhang, Pan},
  URL = {https://hal.archives-ouvertes.fr/hal-01250830},
  JOURNAL = {{Physical Review E : Statistical, Nonlinear, and Soft Matter Physics}},
  PUBLISHER = {{American Physical Society}},
  SERIES = {Physical Review E},
  VOLUME = {91},
  NUMBER = {5},
  YEAR = {2015},
  MONTH = May,
  DOI = {10.1103/PhysRevE.91.052136},
  KEYWORDS = {inference method ; decimation ; dynamical inverse problems ; kinetic ising model ; Sparse Random Graphs},
  PDF = {https://hal.archives-ouvertes.fr/hal-01250830/file/1502.01660v1.pdf},
  HAL_ID = {hal-01250830},
  HAL_VERSION = {v1},
}

@article{feng:hal-01176013,
  TITLE = {{Fault monitoring with sequential matrix factorization}},
  AUTHOR = {Feng, Dawei and Germain, Cecile},
  URL = {https://hal.inria.fr/hal-01176013},
  JOURNAL = {{ACM Transactions on Autonomous and Adaptive Systems}},
  PUBLISHER = {{Association for Computing Machinery (ACM)}},
  VOLUME = {10},
  NUMBER = {3},
  PAGES = {20:1--20:25},
  YEAR = {2015},
  DOI = {10.1145/2797141},
  KEYWORDS = {Active Learning  ACM Reference Format: ; [Com-puter systems organization]: Dependable and fault-tolerant systems and networks-Availability  General Terms: Grids and Clouds ; Categories and Subject Descriptors: [Computer systems organization]: Dependable and fault-tolerant systems and networks-Reliability ; Machine Learning  Additional Key Words and Phrases: Fault Inference ; Matrix Factorization},
  PDF = {https://hal.inria.fr/hal-01176013/file/taasseqmAV.pdf},
  HAL_ID = {hal-01176013},
  HAL_VERSION = {v1},
}

@article{ollivier:hal-00857982,
  TITLE = {{Riemannian metrics for neural networks I: Feedforward networks}},
  AUTHOR = {Ollivier, Yann},
  URL = {https://hal.archives-ouvertes.fr/hal-00857982},
  JOURNAL = {{Information and Inference}},
  PUBLISHER = {{Oxford University Press (OUP)}},
  VOLUME = {4},
  NUMBER = {2},
  PAGES = {108--153},
  YEAR = {2015},
  DOI = {10.1093/imaiai/iav006},
  HAL_ID = {hal-00857982},
  HAL_VERSION = {v1},
}

@article{ollivier:hal-00857980,
  TITLE = {{Riemannian metrics for neural networks II: Recurrent networks and learning symbolic data sequences}},
  AUTHOR = {Ollivier, Yann},
  URL = {https://hal.archives-ouvertes.fr/hal-00857980},
  JOURNAL = {{Information and Inference}},
  PUBLISHER = {{Oxford University Press (OUP)}},
  VOLUME = {4},
  NUMBER = {2},
  PAGES = {154--193},
  YEAR = {2015},
  DOI = {10.1093/imaiai/iav007},
  HAL_ID = {hal-00857980},
  HAL_VERSION = {v1},
}
@article{sokolovska:hal-01223887,
  TITLE = {{Sparse Zero-Sum Games as Stable Functional Feature Selection}},
  AUTHOR = {Sokolovska, Nataliya and Teytaud, Olivier and Rizkalla, Salwa and Cl{\'e}ment, Karine and Zucker, Jean-Daniel},
  URL = {http://hal.upmc.fr/hal-01223887},
  NOTE = {MicroObese consortium},
  JOURNAL = {{PLoS ONE}},
  PUBLISHER = {{Public Library of Science}},
  VOLUME = {10},
  NUMBER = {9},
  PAGES = {e0134683},
  YEAR = {2015},
  MONTH = Sep,
  DOI = {10.1371/journal.pone.0134683},
  PDF = {http://hal.upmc.fr/hal-01223887/file/journal.pone.0134683.pdf},
  HAL_ID = {hal-01223887},
  HAL_VERSION = {v1},
}


% LTCI / STA

% awards
% Alexandre Gramfort, ERC Starting Grant, projet Signal and Learning Applied to Brain data 
% Stéphan Clémençon, IBM Faculty Award

@article{bzdok:hal-01211248,
  TITLE = {{GAP Safe screening rules for sparse multi-task and multi-class models}},
  AUTHOR = {Eugène Ndiaye and Olivier Fercoq and Alexandre Gramfort and Joseph Salmonl},
  JOURNAL = {{Neural Information Processing Systems}},
  YEAR = {2015},
  PDF = {http://papers.nips.cc/paper/5699-gap-safe-screening-rules-for-sparse-multi-task-and-multi-class-models.pdf},
}

@InProceedings{goix15learning,
  author = 	 {N. Goix and A. Sabourin and Stéphan Clémençon},
  title = 	 {Learning the Dependence Structure of Rare Events: a Non-Asymptotic Study},
  booktitle = {Proc Conference on Learning Theory},
  year = 	 2015,
  PDF = 	 {http://jmlr.csail.mit.edu/proceedings/papers/v40/Goix15}}

% INRIA / Pariétal
@article{belilovsky:hal-01167861,
  TITLE = {{Convex relaxations of penalties for sparse correlated variables with bounded total variation}},
  AUTHOR = {Belilovsky, Eugene and Argyriou, Andreas and Varoquaux, Ga{\"e}l and Blaschko, Matthew B.},
  URL = {https://hal.inria.fr/hal-01167861},
  JOURNAL = {{Machine Learning}},
  PUBLISHER = {{Springer Verlag}},
  PAGES = {1-21},
  YEAR = {2015},
  MONTH = Jun,
  DOI = {10.1007/s10994-015-5511-2},
  PDF = {https://hal.inria.fr/hal-01167861/file/ConvexECML2015.pdf},
  HAL_ID = {hal-01167861},
  HAL_VERSION = {v1},
}

@article{bzdok:hal-01211248,
  TITLE = {{Semi-Supervised Factored Logistic Regression for High-Dimensional Neuroimaging Data}},
  AUTHOR = {Bzdok, Danilo and Eickenberg, Michael and Grisel, Olivier and Thirion, Bertrand and Varoquaux, Ga{\"e}l},
  URL = {https://hal.archives-ouvertes.fr/hal-01211248},
  JOURNAL = {{Neural Information Processing Systems}},
  YEAR = {2015},
  MONTH = Dec,
  KEYWORDS = {Brain Imaging ; Cognitive Science ; Semi-Supervised Learning ; Systems Biology},
  PDF = {https://hal.archives-ouvertes.fr/hal-01211248/file/paper.pdf},
  HAL_ID = {hal-01211248},
  HAL_VERSION = {v1},
}

@article{pedregosa:hal-00952554,
  TITLE = {{Data-driven HRF estimation for encoding and decoding models}},
  AUTHOR = {Pedregosa, Fabian and Eickenberg, Michael and Ciuciu, Philippe and Thirion, Bertrand and Gramfort, Alexandre},
  URL = {https://hal.inria.fr/hal-00952554},
  JOURNAL = {{NeuroImage}},
  PUBLISHER = {{Elsevier}},
  PAGES = {209--220},
  YEAR = {2015},
  MONTH = Jan,
  KEYWORDS = {Functional MRI (fMRI) ; Hemodynamic Response Function (HRF) ; Machine Learning ; Optimization ; BOLD ; Finite Impulse Response (FIR) ; Decoding ; Encoding},
  PDF = {https://hal.inria.fr/hal-00952554/file/paper.pdf},
  HAL_ID = {hal-00952554},
  HAL_VERSION = {v4},
}

@article{ng:hal-01185200,
  TITLE = {{Transport on Riemannian Manifold for Connectivity-based Brain Decoding}},
  AUTHOR = {Ng, Bernard and Varoquaux, Ga{\"e}l and Poline, Jean-Baptiste and Greicius, Michael D and Thirion, Bertrand},
  URL = {https://hal.inria.fr/hal-01185200},
  JOURNAL = {{IEEE Transactions on Medical Imaging}},
  PUBLISHER = {{Institute of Electrical and Electronics Engineers}},
  VOLUME = {PP},
  NUMBER = {99},
  PAGES = {9},
  YEAR = {2015},
  DOI = {10.1109/TMI.2015.2463723},
  KEYWORDS = {transport on manifolds ; brain decoding ; connectivity ; fMRI ; Riemannian geometry},
  PDF = {https://hal.inria.fr/hal-01185200/file/final.pdf},
  HAL_ID = {hal-01185200},
  HAL_VERSION = {v1},
}

% LIMSI - NLP

@inproceedings{labeau-loser-allauzen:2015:EMNLP,
   author = {Matthieu Labeau and Kevin L{\"o}ser and Alexandre Allauzen},
   title = {Non-lexical neural architecture for fine-grained POS Tagging},
   booktitle = {Proceedings of the 2015 Conference on Empirical Methods in
	Natural Language Processing},
   pages = {232--237},
   publisher = {Association for Computational Linguistics},
   address = {Lisbon, Portugal},
   month = sep,
   year = {2015},
   url = {http://aclweb.org/anthology/D15-1025}
}

@inproceedings{do-allauzen-yvon:2015:EMNLP,
   author = {Quoc-Khanh DO and Alexandre Allauzen and Fran{\c{c}}ois Yvon},
   title = {A Discriminative Training Procedure for Continuous Translation
	Models},
   booktitle = {Proceedings of the 2015 Conference on Empirical Methods in
	Natural Language Processing},
   pages = {1046--1052},
   publisher = {Association for Computational Linguistics},
   address = {Lisbon, Portugal},
   month = sep,
   year = {2015},
   url = {http://aclweb.org/anthology/D15-1121}
}

@inproceedings{Knyazeva15structured,
	Title = {{Structured Prediction for Speaker Identification in TV Series}},
	author = {Elena Knyazeva and Guillaume Wisniewski and Hervé Bredin and François Yvon},
	Booktitle = {Interspeech 2015, 16th Annual Conference of the International Speech Communication Association},
	pages = {5p},
	Year = {2015},
	Month = {September},
	Address = {Dresden, Germany},
}

@article{lavergne2015contribution,
  title={The contribution of co-reference resolution to supervised relation detection between bacteria and biotopes entities},
  author={Lavergne, Thomas and Grouin, Cyril and Zweigenbaum, Pierre},
  journal={BMC bioinformatics},
  volume={16},
  number={Suppl 10},
  pages={S6},
  year={2015},
  publisher={BioMed Central Ltd}
}
