
@inproceedings{jabbour:hal-01262615,
  TITLE = {{A MIS Partition Based Framework for Measuring Inconsistency}},
  AUTHOR = {Jabbour, Said and Ma, Yue and Badran, Raddaoui and Sais, Lakhdar and Salhi, Yakoub},
  URL = {https://hal.archives-ouvertes.fr/hal-01262615},
  BOOKTITLE = {{ 15th International Conference on Principles of Knowledge Representation and Reasoning (KR'16)}},
  ADDRESS = {Cape Town, South Africa},
  YEAR = {2016},
  MONTH = Apr,
  HAL_ID = {hal-01262615},
  HAL_VERSION = {v1},
}

@article{alina:hal-01138987,
  TITLE = {{Formalizing biomedical concepts from textual definition.}},
  AUTHOR = {Alina, Petrova and Ma, Yue and George, Tsatsaronis, and Maria, Kissa and Felix, Distel and Baader, Franz and Schroeder, Michael},
  URL = {https://hal.archives-ouvertes.fr/hal-01138987},
  JOURNAL = {{Journal of Biomedical Semantics}},
  PUBLISHER = {{BioMed Central}},
  PAGES = {24},
  YEAR = {2015},
  KEYWORDS = {SNOMED CT ; formal definitions ; biomedical ontologies ; MeSH ; relation extraction},
  HAL_ID = {hal-01138987},
  HAL_VERSION = {v1},
}

@inproceedings{jabbour:hal-01139015,
  TITLE = {{On Structure-Based Inconsistency Measures and Their Computations via Closed Set Packing}},
  AUTHOR = {Jabbour, Said and Ma, Yue and Badran, Raddaoui and Sais, Lakhdar and Salhi, Yakoub},
  URL = {https://hal.archives-ouvertes.fr/hal-01139015},
  BOOKTITLE = {{Proceedings of the Autonomous Agents and Multiagent Systems (AAMAS'15)}},
  ADDRESS = {Istanbul, Turkey},
  YEAR = {2015},
  MONTH = May,
  HAL_ID = {hal-01139015},
  HAL_VERSION = {v1},
}

@article{dosreis:hal-01250647,
  TITLE = {{DyKOSMap: A Framework for Mapping Adaptation between Biomedical Knowledge Organization Systems}},
  AUTHOR = {Dos Reis, J.C. and Pruski, C{\'e}dric and Da Silveira, Marcos and Reynaud-Dela{\^i}tre, Chantal},
  URL = {https://hal.inria.fr/hal-01250647},
  JOURNAL = {{Journal of Biomedical Informatics}},
  PUBLISHER = {{Elsevier}},
  NUMBER = {55},
  PAGES = {153-173},
  YEAR = {2015},
  DOI = {10.1016/j.jbi.2015.04.001},
  KEYWORDS = {mapping evolution ;  mapping adaptation ;  mapping maintenance ;  ontology alignment ;  ontology evolution ;  biomedical ontologies},
  HAL_ID = {hal-01250647},
  HAL_VERSION = {v1},
}

@inproceedings{bidoit:hal-01182115,
  TITLE = {{EFQ: Why-Not Answer Polynomials in Action}},
  AUTHOR = {Bidoit, Nicole and Herschel, Melanie and Tzompanaki, Katerina},
  URL = {https://hal.archives-ouvertes.fr/hal-01182115},
  BOOKTITLE = {{41st International Conference on Very Large Data Bases - VLDB 2015}},
  ADDRESS = {Hawai, United States},
  YEAR = {2015},
  MONTH = Aug,
  PDF = {https://hal.archives-ouvertes.fr/hal-01182115/file/p2204-tzompanaki.pdf},
  HAL_ID = {hal-01182115},
  HAL_VERSION = {v1},
}

@inproceedings{camachorodriguez:hal-01178490,
  TITLE = {{PAXQuery: Parallel Analytical XML Processing}},
  AUTHOR = {Camacho-Rodr{\'i}guez, Jes{\'u}s and Colazzo, Dario and Manolescu, Ioana and Naranjo, Juan A. M.},
  URL = {https://hal.archives-ouvertes.fr/hal-01178490},
  BOOKTITLE = {{ACM SIGMOD International Conference on Management of Data 2015}},
  ADDRESS = {Melbourne, Victoria, Australia},
  PAGES = {1117-1122},
  YEAR = {2015},
  MONTH = May,
  DOI = {10.1145/2723372.2735374},
  PDF = {https://hal.archives-ouvertes.fr/hal-01178490/file/PAXQuery-SIGMOD2015.pdf},
  HAL_ID = {hal-01178490},
  HAL_VERSION = {v1},
}

@inproceedings{lagree:hal-01181205,
  TITLE = {{A Network-Aware Approach for Searching As-You-Type in Social Media}},
  AUTHOR = {Lagr{\'e}e, Paul and Cautis, Bogdan and Vahabi, Hossein},
  URL = {https://hal.inria.fr/hal-01181205},
  BOOKTITLE = {{24th ACM International Conference on Information and Knowledge Management - CIKM 2015}},
  ADDRESS = {Melbourne, Australia},
  YEAR = {2015},
  MONTH = Oct,
  KEYWORDS = {micro-blogging applications ; As-you-type search ; network-aware search ; social networks},
  PDF = {https://hal.inria.fr/hal-01181205/file/paper.pdf},
  HAL_ID = {hal-01181205},
  HAL_VERSION = {v1},
}

@inproceedings{groz:hal-01146568,
  TITLE = {{Skyline Queries with Noisy Comparisons}},
  AUTHOR = {Groz, Benoit and Milo, Tova},
  URL = {https://hal.inria.fr/hal-01146568},
  BOOKTITLE = {{ACM SIGMOD/PODS}},
  ADDRESS = {Melbourne, Australia},
  YEAR = {2015},
  MONTH = May,
  DOI = {10.1145/2745754.2745775},
  PDF = {https://hal.inria.fr/hal-01146568/file/groz-milo-skylines-hal.pdf},
  HAL_ID = {hal-01146568},
  HAL_VERSION = {v1},
}

@article{camachorodriguez:hal-01162929,
  TITLE = {{PAXQuery: Efficient Parallel Processing of Complex XQuery}},
  AUTHOR = {Camacho-Rodr{\'i}guez, Jes{\'u}s and Colazzo, Dario and Manolescu, Ioana},
  URL = {https://hal.archives-ouvertes.fr/hal-01162929},
  JOURNAL = {{IEEE Transactions on Knowledge and Data Engineering}},
  PUBLISHER = {{Institute of Electrical and Electronics Engineers}},
  VOLUME = {27},
  NUMBER = {7},
  PAGES = {1977 - 1991},
  YEAR = {2015},
  MONTH = Jul,
  DOI = {10.1109/TKDE.2015.2391110},
  KEYWORDS = {XQuery processing ; XQuery parallelization ; XML data management},
  PDF = {https://hal.archives-ouvertes.fr/hal-01162929/file/TKDE2391110.pdf},
  HAL_ID = {hal-01162929},
  HAL_VERSION = {v1},
}


@inproceedings{bidoit:hal-01182101,
  TITLE = {{Efficient Computation of Polynomial Explanations of Why-Not Questions}},
  AUTHOR = {Bidoit, Nicole and Herschel, Melanie and Tzompanaki, Aikaterini},
  URL = {https://hal.archives-ouvertes.fr/hal-01182101},
  BOOKTITLE = {{24th ACM International Conference on Information and Knowledge Management - CIKM 2015}},
  ADDRESS = {Melbourne, Australia},
  YEAR = {2015},
  MONTH = Oct,
  DOI = {10.1145/2806416.2806426},
  KEYWORDS = {provenance ; explanation ; Why-Not question},
  PDF = {https://hal.archives-ouvertes.fr/hal-01182101/file/CIKM2015.pdf},
  HAL_ID = {hal-01182101},
  HAL_VERSION = {v1},
}


@inproceedings{baget:hal-01171846,
  TITLE = {{Combining Existential Rules and Transitivity: Next Steps}},
  AUTHOR = {Baget, Jean-Fran{\c c}ois and Bienvenu, Meghyn and Mugnier, Marie-Laure and Rocher, Swan},
  URL = {https://hal.archives-ouvertes.fr/hal-01171846},
  BOOKTITLE = {{IJCAI: International Joint Conference on Artificial Intelligence}},
  ADDRESS = {Buenos Aires, Argentina},
  YEAR = {2015},
  MONTH = Jul,
  KEYWORDS = {Transitivity ; DL-Lite ; Datalog+},
  HAL_ID = {hal-01171846},
  HAL_VERSION = {v1},
}

@article{dosreis:hal-01115528,
  TITLE = {{State-of-the-art on Mapping Maintenance and Challenges towards a Fully Automatic Approach}},
  AUTHOR = {Dos Reis, J.C. and Pruski, C{\'e}dric and Reynaud-Dela{\^i}tre, Chantal},
  URL = {https://hal.archives-ouvertes.fr/hal-01115528},
  JOURNAL = {{Expert Systems with Applications}},
  PUBLISHER = {{Elsevier}},
  VOLUME = {42},
  NUMBER = {3},
  PAGES = {1465-1478},
  YEAR = {2015},
  DOI = {10.1016/j.eswa.2014.08.047},
  KEYWORDS = {mapping evolution ; knowledge management ; mapping adaptation ; mapping maintenance ; ontology alignment ; ontology evolution},
  HAL_ID = {hal-01115528},
  HAL_VERSION = {v1},
}

@article{dosreis:hal-01115566,
  TITLE = {{Recognizing Lexical and Semantic Change patterns in Evolving Life Science Ontologies to Inform Mapping Adaptation}},
  AUTHOR = {Dos Reis, J.C. and Duy, Dinh and Da Silveira, Marcos and Pruski, C{\'e}dric and Reynaud-Dela{\^i}tre, Chantal},
  URL = {https://hal.archives-ouvertes.fr/hal-01115566},
  JOURNAL = {{Artificial Intelligence in Medicine}},
  PUBLISHER = {{Elsevier}},
  VOLUME = {63},
  NUMBER = {3},
  PAGES = {153-170},
  YEAR = {2015},
  DOI = {10.1016/j.artmed.2014.11.002},
  KEYWORDS = {mapping adaptation ; mapping maintenance ; ontology changes ; mapping evolution ; ontology versions ; ontology evolution ; biomedical ontologies},
  HAL_ID = {hal-01115566},
  HAL_VERSION = {v1},
}

