%% This document is a Raweb export of HAL publication %%
 %% 

 %% 
@inproceedings{anciaux:hal-01178684,
  TITLE = {{Managing Personal Data with Strong Privacy Guarantees. Tutoriel}},
  AUTHOR = {Anciaux, Nicolas and Nguyen, Benjamin},
  BOOKTITLE = {{Rendez-Vous de la Recherche et de l'Enseignement de la Sécurité des Systèmes d'Information (RESSI 2015)}},
  ADDRESS = {Troyes, France},
  YEAR = {2015},
  MONTH = May,
  URL = {https://hal.inria.fr/hal-01178684},
  HAL_ID = {hal-01178684},
  HAL_VERSION = {v1},
  X-PROCEEDINGS = {no},
  X-INTERNATIONAL-AUDIENCE = {no},
  X-EDITORIAL-BOARD = {yes},
  X-INVITED-CONFERENCE = {no},
  X-SCIENTIFIC-POPULARIZATION = {no},
}
 %% 
@inproceedings{katsouraki:hal-01176544,
  TITLE = {{Secure Portable Tokens for Sensitive Questionnaires Surveys}},
  AUTHOR = {Katsouraki, Athanasia and Bouganim, Luc and Nguyen, Benjamin and Tran-Van, Paul},
  BOOKTITLE = {{31èmes journées Bases de Données Avancées (BDA '15). Demo paper}},
  ADDRESS = {Île de Porquerolles, France},
  YEAR = {2015},
  URL = {https://hal.inria.fr/hal-01176544},
  HAL_ID = {hal-01176544},
  HAL_VERSION = {v1},
  X-PROCEEDINGS = {no},
  X-INTERNATIONAL-AUDIENCE = {no},
  X-EDITORIAL-BOARD = {yes},
  X-INVITED-CONFERENCE = {no},
  X-SCIENTIFIC-POPULARIZATION = {no},
}
 %% 
@patent{anciaux:hal-01176942,
  TITLE = {{Plans Hardware du Token PlugDB}},
  AUTHOR = {Anciaux, Nicolas and Bouganim, Luc and Pucheral, Philippe},
  NUMBER = {Enregistrement APP no.IDDN.FR.001.090013.000.S.P.2015.000.20600},
  ADDRESS = {France},
  YEAR = {2015},
  URL = {https://hal.inria.fr/hal-01176942},
  HAL_ID = {hal-01176942},
  HAL_VERSION = {v1},
}
 %% 
@inproceedings{anciaux:hal-01176458,
  TITLE = {{A Scalable Search Engine for Mass Storage Smart Objects}},
  AUTHOR = {Anciaux, Nicolas and Lallali, Saliha and Sandu Popa, Iulian and Pucheral, Philippe},
  BOOKTITLE = {{Proceedings of the 41th International Conference on Very Large Databases (VLDB)}},
  ADDRESS = {Kohala Coast, Hawaii, United States},
  VOLUME = {8},
  NUMBER = {9},
  PAGES = {910-921},
  YEAR = {2015},
  MONTH = Aug,
  DOI = {10.14778/2777598.2777600},
  URL = {https://hal.inria.fr/hal-01176458},
  HAL_ID = {hal-01176458},
  HAL_VERSION = {v1},
  X-PROCEEDINGS = {yes},
  X-INTERNATIONAL-AUDIENCE = {yes},
  X-EDITORIAL-BOARD = {yes},
  X-INVITED-CONFERENCE = {no},
  X-SCIENTIFIC-POPULARIZATION = {no},
}
 %% 
@inproceedings{anciaux:hal-01176462,
  TITLE = {{A scalable search engine for mass storage smart objects}},
  AUTHOR = {Anciaux, Nicolas and Lallali, Saliha and Sandu Popa, Iulian and Pucheral, Philippe},
  BOOKTITLE = {{31èmes journées Bases de Données Avancées (BDA)}},
  ADDRESS = {Île de Porquerolles, France},
  YEAR = {2015},
  URL = {https://hal.inria.fr/hal-01176462},
  HAL_ID = {hal-01176462},
  HAL_VERSION = {v1},
  X-PROCEEDINGS = {no},
  X-INTERNATIONAL-AUDIENCE = {no},
  X-EDITORIAL-BOARD = {yes},
  X-INVITED-CONFERENCE = {no},
  X-SCIENTIFIC-POPULARIZATION = {no},
}
 %% 
@article{sandupopa:hal-01096623,
  TITLE = {{Spatio-temporal compression of trajectories in road networks}},
  AUTHOR = {Sandu Popa, Iulian and Zeitouni, Karine and Oria, Vincent and Kharrat, Ahmed},
  JOURNAL = {{GeoInformatica}},
  PUBLISHER = {{Springer Verlag}},
  VOLUME = {19},
  NUMBER = {1},
  PAGES = {117-145},
  YEAR = {2015},
  DOI = {10.1007/s10707-014-0208-4},
  URL = {https://hal.inria.fr/hal-01096623},
  HAL_ID = {hal-01096623},
  HAL_VERSION = {v1},
  X-INTERNATIONAL-AUDIENCE = {yes},
  X-EDITORIAL-BOARD = {yes},
  X-SCIENTIFIC-POPULARIZATION = {no},
}
 %% 
@inproceedings{bouganim:hal-01178257,
  TITLE = {{Gestion de données embarquées dans des calculateurs sécurisés, une solution pour la protection des données personnelles ?}},
  AUTHOR = {Bouganim, Luc},
  BOOKTITLE = {{Atelier ASF "Aux frontières du Système", Conférence en Parallélisme, Architecture et Système}},
  ADDRESS = {Lille, France},
  YEAR = {2015},
  URL = {https://hal.inria.fr/hal-01178257},
  HAL_ID = {hal-01178257},
  HAL_VERSION = {v1},
  X-PROCEEDINGS = {no},
  X-INTERNATIONAL-AUDIENCE = {no},
  X-EDITORIAL-BOARD = {yes},
  X-INVITED-CONFERENCE = {yes},
  X-SCIENTIFIC-POPULARIZATION = {no},
}
 %% 
@inproceedings{bjorling:hal-01178262,
  TITLE = {{AppNVM: A software-defined, application-driven SSD}},
  AUTHOR = {Bjørling, Matias and Wei, Michael and Madsen, Jesper and Gonzalez, Javier and Swanson, Steven and Bonnet, Philippe},
  BOOKTITLE = {{Non-Volatile Memories Workshop}},
  ADDRESS = {San Diego, CA, United States},
  YEAR = {2015},
  URL = {https://hal.inria.fr/hal-01178262},
  HAL_ID = {hal-01178262},
  HAL_VERSION = {v1},
  X-PROCEEDINGS = {yes},
  X-INTERNATIONAL-AUDIENCE = {yes},
  X-EDITORIAL-BOARD = {yes},
  X-INVITED-CONFERENCE = {no},
  X-SCIENTIFIC-POPULARIZATION = {no},
}
 %% 
@inproceedings{bjorling:hal-01178263,
  TITLE = {{Linux Kernel Abstractions for Open-Channel Solid State Drives}},
  AUTHOR = {Bjørling, Matias and Madsen, Jesper and Gonzalez, Javier and Bonnet, Philippe},
  BOOKTITLE = {{Non-Volatile Memories Workshop}},
  ADDRESS = {San Diego, CA, United States},
  YEAR = {2015},
  URL = {https://hal.inria.fr/hal-01178263},
  HAL_ID = {hal-01178263},
  HAL_VERSION = {v1},
  X-PROCEEDINGS = {yes},
  X-INTERNATIONAL-AUDIENCE = {yes},
  X-EDITORIAL-BOARD = {yes},
  X-INVITED-CONFERENCE = {no},
  X-SCIENTIFIC-POPULARIZATION = {no},
}
 %% 
@inproceedings{lallali:hal-01176473,
  TITLE = {{A Secure Search Engine for the Personal Cloud}},
  AUTHOR = {Lallali, Saliha and Anciaux, Nicolas and Sandu Popa, Iulian and Pucheral, Philippe},
  BOOKTITLE = {{Proceedings of the 2015 ACM SIGMOD International Conference on Management of Data (SIGMOD '15). Demo paper}},
  ADDRESS = {Melbourne, Australia},
  PAGES = {1445-1450},
  YEAR = {2015},
  DOI = {10.1145/2723372.2735376},
  URL = {https://hal.inria.fr/hal-01176473},
  HAL_ID = {hal-01176473},
  HAL_VERSION = {v1},
  X-PROCEEDINGS = {yes},
  X-INTERNATIONAL-AUDIENCE = {yes},
  X-EDITORIAL-BOARD = {yes},
  X-INVITED-CONFERENCE = {no},
  X-SCIENTIFIC-POPULARIZATION = {no},
}
 %% 
@inproceedings{tonthat:hal-01176486,
  TITLE = {{PPTM: Privacy-aware Participatory Traffic Monitoring Using Mobile Secure Probes}},
  AUTHOR = {Ton That, Dai Hai and Sandu Popa, Iulian and Zeitouni, Karine},
  BOOKTITLE = {{Proceedings of the 16th IEEE International Conference on Mobile Data Management (MDM '15). Demo paper}},
  ADDRESS = {Pittsburgh, United States},
  PAGES = {4 pages},
  YEAR = {2015},
  URL = {https://hal.inria.fr/hal-01176486},
  HAL_ID = {hal-01176486},
  HAL_VERSION = {v1},
  X-PROCEEDINGS = {yes},
  X-INTERNATIONAL-AUDIENCE = {yes},
  X-EDITORIAL-BOARD = {yes},
  X-INVITED-CONFERENCE = {no},
  X-SCIENTIFIC-POPULARIZATION = {no},
}
 %% 
@inproceedings{tonthat:hal-01176493,
  TITLE = {{PPTM: Privacy-aware Participatory Traffic Monitoring Using Mobile Secure Probes}},
  AUTHOR = {Ton That, Dai Hai and Sandu Popa, Iulian and Zeitouni, Karine},
  BOOKTITLE = {{31èmes journées Bases de Données Avancées (BDA '15). Demo paper}},
  ADDRESS = {Île de Porquerolles, France},
  PAGES = {4 pages},
  YEAR = {2015},
  URL = {https://hal.inria.fr/hal-01176493},
  HAL_ID = {hal-01176493},
  HAL_VERSION = {v1},
  X-PROCEEDINGS = {no},
  X-INTERNATIONAL-AUDIENCE = {no},
  X-EDITORIAL-BOARD = {yes},
  X-INVITED-CONFERENCE = {no},
  X-SCIENTIFIC-POPULARIZATION = {no},
}
 %% 
@inproceedings{tonthat:hal-01176500,
  TITLE = {{PAMPAS: Collecte participative respectueuse de la vie privée basée sur des mobiles securisés}},
  AUTHOR = {Ton That, Dai Hai and Sandu Popa, Iulian and Zeitouni, Karine and Borcea, Cristian},
  BOOKTITLE = {{31èmes journées Bases de Données Avancées (BDA '15)}},
  ADDRESS = {Île de Porquerolles, France},
  YEAR = {2015},
  URL = {https://hal.inria.fr/hal-01176500},
  HAL_ID = {hal-01176500},
  HAL_VERSION = {v1},
  X-PROCEEDINGS = {no},
  X-INTERNATIONAL-AUDIENCE = {no},
  X-EDITORIAL-BOARD = {yes},
  X-INVITED-CONFERENCE = {no},
  X-SCIENTIFIC-POPULARIZATION = {no},
}
 %% 
@article{tonthat:hal-01176563,
  TITLE = {{TRIFL: A Generic Trajectory Index for Flash Storage}},
  AUTHOR = {Ton That, Dai Hai and Sandu Popa, Iulian and Zeitouni, Karine},
  JOURNAL = {{ACM Transactions on Spatial Algorithms and Systems}},
  PUBLISHER = {{ACM}},
  VOLUME = {1},
  NUMBER = {2},
  PAGES = {44 pages},
  YEAR = {2015},
  MONTH = Jul,
  DOI = {10.1145/2786758},
  URL = {https://hal.inria.fr/hal-01176563},
  HAL_ID = {hal-01176563},
  HAL_VERSION = {v1},
  X-INTERNATIONAL-AUDIENCE = {yes},
  X-EDITORIAL-BOARD = {yes},
  X-SCIENTIFIC-POPULARIZATION = {no},
}
 %% 
@inproceedings{tranvan:hal-01226428,
  TITLE = {{Partage de documents sécurisé entre Cloud personnels}},
  AUTHOR = {Tran-Van, Paul and Pucheral, Philippe and Anciaux, Nicolas and André, Benjamin},
  BOOKTITLE = {{APVP'15 - 6e Atelier sur la Protection de la Vie Privée}},
  ADDRESS = {Mosnes, France},
  YEAR = {2015},
  MONTH = Jun,
  URL = {https://hal.inria.fr/hal-01226428},
  PDF = {https://hal.inria.fr/hal-01226428/document},
  HAL_ID = {hal-01226428},
  HAL_VERSION = {v1},
  X-PROCEEDINGS = {no},
  X-INTERNATIONAL-AUDIENCE = {yes},
  X-EDITORIAL-BOARD = {yes},
  X-INVITED-CONFERENCE = {no},
  X-SCIENTIFIC-POPULARIZATION = {no},
}
 %% 
@inproceedings{anciaux:hal-01254961,
  TITLE = {{Managing Personal Health Records in an Infrastructure-weak Environment}},
  AUTHOR = {Anciaux, Nicolas and Guilloton, Sébastien and Bouganim, Luc and Sergio, Ilarri and Kamgang, Alain and Ngami, Abraham and Nouedi, Christophe and Pucheral, Philippe and Tchuenté, Maurice},
  BOOKTITLE = {{Proceedings of the 7th EAI International Conference on e‐Infrastructure and e‐Services for Developing Countries}},
  ADDRESS = {Cotonou, Benin},
  YEAR = {2015},
  MONTH = Dec,
  URL = {https://hal.archives-ouvertes.fr/hal-01254961},
  HAL_ID = {hal-01254961},
  HAL_VERSION = {v1},
  X-PROCEEDINGS = {yes},
  X-INTERNATIONAL-AUDIENCE = {yes},
  X-EDITORIAL-BOARD = {yes},
  X-INVITED-CONFERENCE = {no},
  X-SCIENTIFIC-POPULARIZATION = {no},
}
 %% 
@phdthesis{to:tel-01253759,
  TITLE = {{Privacy-Preserving Query Execution using Tamper Resistant Hardware. Design and Performance Considerations}},
  AUTHOR = {To, Cuong Quoc},
  SCHOOL = {{Université de Versailles Saint-Quentin-en-Yvelines}},
  YEAR = {2015},
  MONTH = Sep,
  TYPE = {Theses},
  URL = {https://hal.archives-ouvertes.fr/tel-01253759},
  PDF = {https://hal.archives-ouvertes.fr/tel-01253759/document},
  HAL_ID = {tel-01253759},
  HAL_VERSION = {v1},
}
 %% 
@patent{anciaux:hal-01254770,
  TITLE = {{Logiciel PlugDB-engine version 4}},
  AUTHOR = {Anciaux, Nicolas and Bouganim, Luc and Pucheral, Philippe and Yin, Shaoyi and Lefebvre, Quentin and Ersöz, Aydoğan and Troussov, Alexei},
  NUMBER = {Enregistrement APP nr.IDDN.FR.001.280004.000.S.C.2008.0000.10000},
  ADDRESS = {France},
  YEAR = {2015},
  MONTH = Sep,
  URL = {https://hal.archives-ouvertes.fr/hal-01254770},
  HAL_ID = {hal-01254770},
  HAL_VERSION = {v1},
}
 %% 
@unpublished{to:hal-01185484,
  TITLE = {{TrustedMR: A Trusted MapReduce System based on Tamper Resistance Hardware}},
  AUTHOR = {To, Quoc-Cuong and Nguyen, Benjamin and Pucheral, Philippe},
  YEAR = {2015},
  MONTH = Sep,
  URL = {https://hal.inria.fr/hal-01185484},
  NOTE = {working paper or preprint},
  PDF = {https://hal.inria.fr/hal-01185484v2/document},
  HAL_ID = {hal-01185484},
  HAL_VERSION = {v2},
}
 %% 
@inproceedings{to:hal-01176539,
  TITLE = {{TrustedMR: A Trusted MapReduce System based on Tamper Resistance}},
  AUTHOR = {To, Quoc-Cuong and Nguyen, Benjamin and Pucheral, Philippe},
  BOOKTITLE = {{31èmes journées Bases de Données Avancées (BDA '15)}},
  ADDRESS = {Île de Porquerolles, France},
  YEAR = {2015},
  URL = {https://hal.inria.fr/hal-01176539},
  HAL_ID = {hal-01176539},
  HAL_VERSION = {v1},
  X-PROCEEDINGS = {no},
  X-INTERNATIONAL-AUDIENCE = {no},
  X-EDITORIAL-BOARD = {yes},
  X-INVITED-CONFERENCE = {no},
  X-SCIENTIFIC-POPULARIZATION = {no},
}
 %% 
@inproceedings{to:hal-01254951,
  TITLE = {{TrustedMR: A Trusted MapReduce System based on Tamper Resistance Hardware }},
  AUTHOR = {To, Cuong Quoc and Nguyen, Benjamin and Pucheral, Philippe},
  BOOKTITLE = {{Proceedings of the 23rd International Conference on Cooperative Information Systems (COOPIS)}},
  ADDRESS = {Rhodes, Greece},
  YEAR = {2015},
  MONTH = Oct,
  URL = {https://hal.inria.fr/hal-01254951},
  HAL_ID = {hal-01254951},
  HAL_VERSION = {v1},
  X-PROCEEDINGS = {yes},
  X-INTERNATIONAL-AUDIENCE = {yes},
  X-EDITORIAL-BOARD = {yes},
  X-INVITED-CONFERENCE = {no},
  X-SCIENTIFIC-POPULARIZATION = {no},
}
 %% 
@article{anciaux:hal-01179047,
  TITLE = {{Gestion sécurisée de données personnelles}},
  AUTHOR = {Anciaux, Nicolas and Nguyen, Benjamin},
  JOURNAL = {{1024, le bulletin}},
  PUBLISHER = {{Société Informatique de France}},
  NUMBER = {5},
  PAGES = {17-41},
  YEAR = {2015},
  MONTH = Mar,
  URL = {https://hal.archives-ouvertes.fr/hal-01179047},
  PDF = {https://hal.archives-ouvertes.fr/hal-01179047/document},
  HAL_ID = {hal-01179047},
  HAL_VERSION = {v1},
  X-INTERNATIONAL-AUDIENCE = {no},
  X-EDITORIAL-BOARD = {yes},
  X-SCIENTIFIC-POPULARIZATION = {no},
}
 %% 
@article{anciaux:hal-01176445,
  TITLE = {{Limiting Data Exposure in Multi-Label Classification Processes}},
  AUTHOR = {Anciaux, Nicolas and Boutara, Danae and Nguyen, Benjamin and Vazirgiannis, Michalis},
  JOURNAL = {{Fundamenta Informaticae}},
  PUBLISHER = {{Polskie Towarzystwo Matematyczne}},
  VOLUME = {137},
  NUMBER = {2},
  PAGES = {219-236},
  YEAR = {2015},
  URL = {https://hal.inria.fr/hal-01176445},
  HAL_ID = {hal-01176445},
  HAL_VERSION = {v1},
  X-INTERNATIONAL-AUDIENCE = {yes},
  X-EDITORIAL-BOARD = {yes},
  X-SCIENTIFIC-POPULARIZATION = {no},
}
 %% 
@inproceedings{anciaux:hal-01176512,
  TITLE = {{Towards an Era of Trust in Personal Data Management}},
  AUTHOR = {Anciaux, Nicolas and Nguyen, Benjamin and Sandu Popa, Iulian},
  BOOKTITLE = {{Proceedings of the 19th East-European Conference on Advances in Databases and Information Systems (ADBIS '15). Tutorial}},
  ADDRESS = {Poitiers, France},
  YEAR = {2015},
  URL = {https://hal.inria.fr/hal-01176512},
  HAL_ID = {hal-01176512},
  HAL_VERSION = {v1},
  X-PROCEEDINGS = {yes},
  X-INTERNATIONAL-AUDIENCE = {yes},
  X-EDITORIAL-BOARD = {yes},
  X-INVITED-CONFERENCE = {yes},
  X-SCIENTIFIC-POPULARIZATION = {no},
}

%% SMIS
%% Date : Fri Jan 15 10:58:32 CET 2016
%% Source: https://http://haltools.inria.fr/
%% This document is a Skel's export of HAL publications for the RAweb
